% $Id$


% variation of ex4 (no pages available)
@Book{ex4-nopages,
  author = 	 {David Ellis},
  translator =   {ºÙÌî¸øÃË´ÆÌõ and ºØÆ£ÂÙÂ§ and ÎëÌÚ»Ö¸µ and Â¼¾åÂÙ»Ò},
  title = 	 {¾ğÊó¸¡º÷ÏÀ},
  publisher = 	 {´İÁ±},
  year = 	 1994,
}

@misc{jakob:eyetrack,
title={Eyetracking Research into Web Usability},
author={Jakob Nielsen},
url= {http://www.useit.com/eyetracking/},
note= {URL: \url{http://www.useit.com/eyetracking/} ¡Ê2009Ç¯4·î10Æü»²¾È¡Ë},
}
